@book{adams1995hitchhiker,
  title={The Hitchhiker's Guide to the Galaxy},
  author={Adams, D.},
  isbn={9781417642595},
  url={http://books.google.com/books?id=W-xMPgAACAAJ},
  year={1995},
  publisher={San Val}
}

@misc{crawler,
    title={Glossario: Crawler},
    author={www.tagmanageritalia.it/glossario-crawler \bigskip},
    year={},
    url={}
}

@misc{commoncrawl,
    title={Common Crawl},
    author={www.commoncrawl.org \bigskip},
    year={},
    url={}
}